<?xml version="1.0" encoding="UTF-8"?>
<collection xmlns:xsi="http://www.w3.org/2001/XMLSchema-instance" xsi:schemaLocation="http://www.loc.gov/MARC21/slim http://www.loc.gov/standards/marcxml/schema/MARC21slim.xsd" xmlns="http://www.loc.gov/MARC21/slim">
<record>
  <leader>01890cam a22003851a 4500</leader>
  <controlfield tag="001">3073259</controlfield>
  <controlfield tag="003">NNC</controlfield>
  <controlfield tag="005">20140126215235.0</controlfield>
  <controlfield tag="008">881028s1951    ua       b    001 0 arard</controlfield>
  <datafield tag="010" ind1=" " ind2=" ">
    <subfield code="a">   60029013 </subfield>
  </datafield>
  <datafield tag="035" ind1=" " ind2=" ">
    <subfield code="a">(OCoLC)23485735</subfield>
  </datafield>
  <datafield tag="035" ind1=" " ind2=" ">
    <subfield code="a">(OCoLC)ocm23485735</subfield>
  </datafield>
  <datafield tag="035" ind1=" " ind2=" ">
    <subfield code="9">ATP6344CU</subfield>
  </datafield>
  <datafield tag="035" ind1=" " ind2=" ">
    <subfield code="a">(NNC)3073259</subfield>
  </datafield>
  <datafield tag="040" ind1=" " ind2=" ">
    <subfield code="a">MiU</subfield>
    <subfield code="c">MiU</subfield>
    <subfield code="d">RPB</subfield>
    <subfield code="d">CStRLIN</subfield>
    <subfield code="d">CtY</subfield>
  </datafield>
  <datafield tag="066" ind1=" " ind2=" ">
    <subfield code="c">(3</subfield>
  </datafield>
  <datafield tag="100" ind1="1" ind2=" ">
    <subfield code="6">880-01</subfield>
    <subfield code="a">Abū Ḥayyān al-Tawḥīdī, ʻAlī ibn Muḥammad,</subfield>
    <subfield code="d">active 10th century.</subfield>
  </datafield>
  <datafield tag="245" ind1="1" ind2="3">
    <subfield code="6">880-02</subfield>
    <subfield code="a">al-Hawāmil wa-al-Shawāmil /</subfield>
    <subfield code="c">li-Abī Ḥayyān al-Tawḥīdī wa-Miskawayh ; nasharahu Aḥmad Amīn, al-Sayyid Aḥmad Ṣaqr.</subfield>
  </datafield>
  <datafield tag="260" ind1=" " ind2=" ">
    <subfield code="6">880-03</subfield>
    <subfield code="a">al-Qāhirah :</subfield>
    <subfield code="b">Lajnat al-Taʾlīf wa-al-Tarjamah wa-al-Nashr,</subfield>
    <subfield code="c">1951.</subfield>
  </datafield>
  <datafield tag="300" ind1=" " ind2=" ">
    <subfield code="a">15, 399 p. ;</subfield>
    <subfield code="c">24 cm.</subfield>
  </datafield>
  <datafield tag="500" ind1=" " ind2=" ">
    <subfield code="a">"Kitāb al-Hawāmil wa-al-Shawāmil ... kitāban li-muʾallifayn ... asʾilah min Abī Ḥayyān sammāh al-Hawāmil wa-ajwibah min Miskawayh sammāh al-Shawāmil"--al-Muqaddimah.</subfield>
  </datafield>
  <datafield tag="504" ind1=" " ind2=" ">
    <subfield code="a">Includes bibliographical references and indexes.</subfield>
  </datafield>
  <datafield tag="650" ind1=" " ind2="0">
    <subfield code="a">Islamic philosophy.</subfield>
  </datafield>
  <datafield tag="650" ind1=" " ind2="0">
    <subfield code="a">Philosophy, Arab.</subfield>
  </datafield>
  <datafield tag="700" ind1="1" ind2=" ">
    <subfield code="6">880-04</subfield>
    <subfield code="a">Ibn Miskawayh, Aḥmad ibn Muḥammad,</subfield>
    <subfield code="d">-1030.</subfield>
  </datafield>
  <datafield tag="700" ind1="1" ind2=" ">
    <subfield code="6">880-05</subfield>
    <subfield code="a">Amīn, Aḥmad,</subfield>
    <subfield code="d">1886-1954.</subfield>
  </datafield>
  <datafield tag="700" ind1="1" ind2=" ">
    <subfield code="6">880-06</subfield>
    <subfield code="a">Ṣaqr, Aḥmad.</subfield>
  </datafield>
  <datafield tag="880" ind1="1" ind2=" ">
    <subfield code="6">100-01/(3/r</subfield>
    <subfield code="a">أبو حيان التوحيدي، علي بن محمد,</subfield>
    <subfield code="d">active 10th century.</subfield>
  </datafield>
  <datafield tag="880" ind1="1" ind2="2">
    <subfield code="6">245-02/(3/r</subfield>
    <subfield code="a">الهوامل والشوامل /</subfield>
    <subfield code="c">لأبي حيان التوحيدي ومسكويه ؛ نشره أحمد أمين، أحمد صقر.</subfield>
  </datafield>
  <datafield tag="880" ind1=" " ind2=" ">
    <subfield code="6">260-03/(3/r</subfield>
    <subfield code="a">القاهرة :</subfield>
    <subfield code="b">لجنة التأليف والترجمة والنشر،</subfield>
    <subfield code="c">1951.</subfield>
  </datafield>
  <datafield tag="880" ind1="1" ind2=" ">
    <subfield code="6">700-04/(3/r</subfield>
    <subfield code="a">ابن مسكويه، أحمد بن محمد,</subfield>
    <subfield code="d">-1030.</subfield>
  </datafield>
  <datafield tag="880" ind1="1" ind2=" ">
    <subfield code="6">700-05/(3/r</subfield>
    <subfield code="a">أمين، أحمد,</subfield>
    <subfield code="d">1886-1954.</subfield>
  </datafield>
  <datafield tag="880" ind1="1" ind2=" ">
    <subfield code="6">700-06/(3/r</subfield>
    <subfield code="a">صقر، أحمد.</subfield>
  </datafield>
  <datafield tag="955" ind1=" " ind2=" ">
    <subfield code="b">CU58880941</subfield>
    <subfield code="d">off,glx</subfield>
    <subfield code="e">893.7T199 R4</subfield>
  </datafield>
</record>
</collection>